<?xml version="1.0" encoding="UTF-8"?><record xmlns="http://www.loc.gov/MARC21/slim" xmlns:cinclude="http://apache.org/cocoon/include/1.0" xmlns:zs="http://www.loc.gov/zing/srw/">
  <leader>00791nz  a2200157n  4500</leader>
  <controlfield tag="001">no 96033239 </controlfield>
  <controlfield tag="003">DLC</controlfield>
  <controlfield tag="005">19960629115314.6</controlfield>
  <controlfield tag="008">960628n| acannaab|          |a ana     c</controlfield>
  <datafield tag="010" ind1=" " ind2=" ">
    <subfield code="a">no 96033239 </subfield>
  </datafield>
  <datafield tag="035" ind1=" " ind2=" ">
    <subfield code="a">(OCoLC)oca04108919 </subfield>
  </datafield>
  <datafield tag="040" ind1=" " ind2=" ">
    <subfield code="a">NmU</subfield>
    <subfield code="c">NmU</subfield>
  </datafield>
  <datafield tag="110" ind1="2" ind2="0">
    <subfield code="a">Fideicomiso para Estudios y Planes de Desarrollo Agropecuario y Programas de Crédito Agrícola (Banco Nacional de Crédito Rural)</subfield>
  </datafield>
  <datafield tag="410" ind1="2" ind2="0">
    <subfield code="a">FEDA</subfield>
  </datafield>
  <datafield tag="410" ind1="2" ind2="0">
    <subfield code="a">Banco Nacional de Crédito Rural (Mexico).</subfield>
    <subfield code="b">Fideicomiso para Estudios y Planes de Desarrollo Agropecuario y Programas de Crédito Agrícola</subfield>
  </datafield>
  <datafield tag="670" ind1=" " ind2=" ">
    <subfield code="a">Empleo, subempleo y desempleo en el sector rural ... 1981:</subfield>
    <subfield code="b">t.p. (Banco Nacional de Crédito Rural, S.A., Fideicomiso para Estudios y Planes de Desarrollo Agropecuario y Programas de Crédito Agrícola)</subfield>
  </datafield>
</record>